@article{faleye2011costs,
  title={The costs of intense board monitoring},
  author={Faleye, Olubunmi and Hoitash, Rani and Hoitash, Udi},
  journal={Journal of Financial Economics},
  volume={101},
  number={1},
  pages={160--181},
  year={2011},
  publisher={Elsevier}
}


@article{chandar2012does,
  title={Does overlapping membership on audit and compensation committees improve a firm's financial reporting quality?},
  author={Chandar, Nandini and Chang, Hsihui and Zheng, Xiaochuan},
  journal={Review of Accounting and Finance},
  volume={11},
  number={2},
  pages={141--165},
  year={2012},
  publisher={Emerald Group Publishing Limited}
}


@article{habib2016overlapping,
  title={Overlapping membership on audit and compensation committees and financial reporting quality},
  author={Habib, Ahsan and Bhuiyan, Md Borhan Uddin},
  journal={Australian Accounting Review},
  volume={26},
  number={1},
  pages={76--90},
  year={2016},
  publisher={Wiley Online Library}
}


@article{velte2017overlapping,
  title={Do overlapping audit and compensation committee memberships contribute to better financial reporting quality? Empirical evidence for the German two-tier system},
  author={Velte, Patrick},
  journal={International Journal of Economics and Accounting},
  volume={8},
  number={3-4},
  pages={196--214},
  year={2017},
  publisher={Inderscience Publishers (IEL)}
}

@article{carter2022board,
  title={Board committee overlap and the use of earnings in CEO compensation contracts},
  author={Carter, Mary Ellen and Lynch, Luann J and Martin, Melissa A},
  journal={Management Science},
  volume={68},
  number={8},
  pages={6268--6297},
  year={2022},
  publisher={INFORMS}
}

@techreport{chu2022corporate,
  title={Corporate social responsibility committee: international evidence},
  author={Chu, Jenny and Li, Xi and Zou, Yuxia},
  year={2022},
  institution={Working Paper}
}
